@BOOK{1985schutz,
       author = {{Schutz}, Bernard F.},
        title = "{A First Course in General Relativity}",
         year = "1985",
       adsurl = {https://ui.adsabs.harvard.edu/abs/1985fcgr.book.....S},
      adsnote = {Provided by the SAO/NASA Astrophysics Data System}
}

